@Article{Eddy:2005,
  author =       "Eddy, S R",
  title =        {"Antedisciplinary" science.},
  journal =      "PLoS Comput Biol",
  year =         "2005",
  month =        "Jun",
  number =       "1",
  volume =       "1",
  pages =        "e6",
  doi =          "10.1371/journal.pcbi.0010006",
  PMID =         "16103907"}



@article{mazzocchi2019scientific,
  title={Scientific research across and beyond disciplines: Challenges and opportunities of interdisciplinarity},
  author={Mazzocchi, Fulvio},
  journal={EMBO reports},
  volume={20},
  number={6},
  pages={e47682},
  year={2019}
}


@article{way2021field,
  title={A field guide to cultivating computational biology},
  author={Way, Gregory P and Greene, Casey S and Carninci, Piero and Carvalho, Benilton S and de Hoon, Michiel and Finley, Stacey D and Gosline, Sara JC and Lȇ Cao, Kim-Anh and Lee, Jerry SH and Marchionni, Luigi and others},
  journal={PLoS biology},
  volume={19},
  number={10},
  pages={e3001419},
  year={2021},
  publisher={Public Library of Science San Francisco, CA USA}
}

@article{mulder2018development,
  title={The development and application of bioinformatics core competencies to improve bioinformatics training and education},
  author={Mulder, Nicola and Schwartz, Russell and Brazas, Michelle D and Brooksbank, Cath and Gaeta, Bruno and Morgan, Sarah L and Pauley, Mark A and Rosenwald, Anne and Rustici, Gabriella and Sierk, Michael and others},
  journal={PLoS computational biology},
  volume={14},
  number={2},
  pages={e1005772},
  year={2018},
  publisher={Public Library of Science San Francisco, CA USA}
}

@article{loman2013so,
  title={So you want to be a computational biologist?},
  author={Loman, Nick and Watson, Mick},
  journal={Nature Biotechnology},
  volume={31},
  number={11},
  pages={996--998},
  year={2013},
  publisher={Nature Publishing Group UK London}
}

@article{ben2016s,
  title={What’s happening to our universities?},
  author={Martin, Ben R.},
  journal={Prometheus},
  volume={34},
  pages={7--24},
  year={2016}
}

@Article{Gardner:2022,
  author =       "Gardner, P P and Paterson, J M and McGimpsey, S
                 and Ashari-Ghomi, F and Umu, S U and Pawlik, A and
                 Gavryushkin, A and Black, M A",
  title =        {Sustained software development, not number of
                 citations or journal choice, is indicative of
                 accurate bioinformatic software.},
  journal =      "Genome Biol",
  year =         "2022",
  month =        "Feb",
  number =       "1",
  volume =       "23",
  pages =        "56",
  doi =          "10.1186/s13059-022-02625-x",
  PMID =         "35172880"}



@misc{fields2014,
  title        = {Classification of fields of study},
  author       = {Department of Education, National Center for Education Statistics, IPEDS Completions Survey; National Center for Science and Engineering Statistics, Survey of Earned Doctorates.},
  year         = 2014,
  note         = {\url{https://ncsesdata.nsf.gov/sere/2018/html/sere18-dt-taba001.html} [Accessed: July 2024]}
}


@misc{gardner2024,
  title        = {Pre-registration: Which department makes the best software?},
  author       = {Gardner, P P},
  year         = 2024,
  note         = {\url{https://doi.org/10.17605/OSF.IO/92PTZ} [10 July 2024]}
}

@Article{Ouzounis:2003,
  author =       "Ouzounis, C A and Valencia, A",
  title =        {Early bioinformatics: the birth of a discipline--a
                 personal view.},
  journal =      "Bioinformatics",
  year =         "2003",
  month =        "Nov",
  number =       "17",
  volume =       "19",
  pages =        "2176-90",
  doi =          "10.1093/bioinformatics/btg309",
  PMID =         "14630646"}

@article{hogeweg2011roots,
  title={The roots of bioinformatics in theoretical biology},
  author={Hogeweg, Paulien},
  journal={PLoS computational biology},
  volume={7},
  number={3},
  pages={e1002021},
  year={2011},
  publisher={Public Library of Science San Francisco, USA}
}

@article{bourke1998institutions,
  title={Institutions and the map of science: matching university departments and fields of research},
  author={Bourke, Paul and Butler, Linda},
  journal={Research Policy},
  volume={26},
  number={6},
  pages={711--718},
  year={1998},
  publisher={Elsevier}
}

@article{weber2019essential,
  title={Essential guidelines for computational method benchmarking},
  author={Weber, Lukas M and Saelens, Wouter and Cannoodt, Robrecht and Soneson, Charlotte and Hapfelmeier, Alexander and Gardner, Paul P and Boulesteix, Anne-Laure and Saeys, Yvan and Robinson, Mark D},
  journal={Genome biology},
  volume={20},
  pages={1--12},
  year={2019},
  publisher={Springer}
}

@article{benjamini1995controlling,
  title={Controlling the false discovery rate: a practical and powerful approach to multiple testing},
  author={Benjamini, Yoav and Hochberg, Yosef},
  journal={Journal of the Royal Statistical Society: Series B (Methodological)},
  volume={57},
  number={1},
  pages={289--300},
  year={1995},
  publisher={Wiley Online Library}
}

@article{katoh2008recent,
  title={Recent developments in the MAFFT multiple sequence alignment program},
  author={Katoh, Kazutaka and Toh, Hiroyuki},
  journal={Briefings in bioinformatics},
  volume={9},
  number={4},
  pages={286--298},
  year={2008},
  publisher={Oxford University Press}
}

@article{xie2021pdr,
  title={PDR: a new genome assembly evaluation metric based on genetics concerns},
  author={Xie, Luyu and Wong, Limsoon},
  journal={Bioinformatics},
  volume={37},
  number={3},
  pages={289--295},
  year={2021},
  publisher={Oxford University Press}
}

@article{johanson2018software,
  title={Software engineering for computational science: Past, present, future},
  author={Johanson, Arne and Hasselbring, Wilhelm},
  journal={Computing in Science \& Engineering},
  volume={20},
  number={2},
  pages={90--109},
  year={2018},
  publisher={IEEE}
}

@article{siepel2019challenges,
  title={Challenges in funding and developing genomic software: roots and remedies},
  author={Siepel, A},
  journal={Genome biology},
  volume={20},
  number={1},
  pages={1--14},
  year={2019},
  publisher={BioMed Central}
}

@article{luque2019impact,
  title={The impact of class imbalance in classification performance metrics based on the binary confusion matrix},
  author={Luque, Amalia and Carrasco, Alejandro and Mart{\'\i}n, Alejandro and de Las Heras, Ana},
  journal={Pattern Recognition},
  volume={91},
  pages={216--231},
  year={2019},
  publisher={Elsevier}
}
